%% This BibTeX bibliography file was created using BibDesk.
%% http://bibdesk.sourceforge.net/


%% Created for Andre Furquin at 2015-09-19 9:24:30 PM -0300 


%% Saved with string encoding Unicode (UTF-8) 



@book{lean:14,
	Address = {215 First Street, Suite 300, Cambridge, MA, 02142 USA},
	Author = {John Shook and Chet Marchwinski},
	Date-Added = {2015-09-19 5:25:50 AM +0000},
	Date-Modified = {2015-09-20 12:10:52 AM +0000},
	Isbn = {0-9667843-6-7},
	Journal = {Lean Enterprise Institute},
	Publisher = {Lean Enterprise Institute},
	Subtitle = {A Graphical Glossary for Lean Thinkers},
	Title = {Lean Lexicon},
	Year = {2014}}

@book{laird:06,
	Address = {Hoboken, New Jersey},
	Author = {Linda Laird and M. Carol Brennan},
	Date-Added = {2015-09-08 1:36:07 AM +0000},
	Date-Modified = {2015-09-08 1:43:35 AM +0000},
	Isbn = {0-471-67622-5},
	Publisher = {John Wiley and Sons, Inc},
	Title = {Software Measurement and Estimation},
	Year = {2006}}

@book{chelimsky:12,
	Author = {David Chelimsky},
	Date-Added = {2015-08-30 5:19:38 AM +0000},
	Date-Modified = {2015-08-30 6:17:15 AM +0000},
	Edition = {1},
	Isbn = {978-1934356371},
	Publisher = {Pragmatic Bookshelf},
	Title = {The RSpec Book},
	Year = {2012}}

@book{barauna:13,
	Author = {Hugo Bara{\'u}na},
	Date-Added = {2015-08-30 3:46:23 AM +0000},
	Date-Modified = {2015-08-30 3:49:24 AM +0000},
	Isbn = {978-85-66250-34-3},
	Publisher = {Casa do C{\'o}digo},
	Subtitle = {Construa aplica{\c c}{\~o}es Ruby on Rails com testes e especifica{\c c}{\~o}es},
	Title = {Cucumber e RSpec},
	Year = {2013}}

@book{poppendieck:10,
	Address = {Boston, MA 02116},
	Author = {Mary Poppendieck and Tom Poppendieck},
	Date-Added = {2015-08-04 03:57:18 +0000},
	Date-Modified = {2015-08-04 04:02:16 +0000},
	Edition = {1},
	Isbn = {0-321-62070-4},
	Publisher = {Pearson Education, Inc.},
	Subtitle = {results are not the point},
	Title = {Leading lean software development},
	Year = {2010}}

@book{poppendieck:07,
	Address = {Boston, MA 02116},
	Author = {Mary Poppendieck and Tom Poppendieck},
	Date-Added = {2015-08-04 03:57:18 +0000},
	Date-Modified = {2015-08-04 04:02:16 +0000},
	Edition = {1},
	Isbn = {0-321-43738-1},
	Publisher = {Pearson Education, Inc.},
	Subtitle = {from concept to cash},
	Title = {Implementing lean software development},
	Year = {2007}}

@webpage{ixp:2015,
	Author = {IXP},
	Date-Added = {2015-08-01 19:10:31 +0000},
	Date-Modified = {2015-08-01 19:48:23 +0000},
	Title = {What is Industrial XP?},
	Url = {http://industrialxp.org/},
	Urlaccessdate = {27 jul. 2015},
	Year = {2015},
	Bdsk-Url-1 = {http://industrialxp.org/}}

@inproceedings{edeki:13,
	Author = {Charles Edeki},
	Booktitle = {International Journal of Computer Science and Mobile Applications -- UCSMA},
	Doi = {10.1109/ICSTW.2015.7107412},
	Keywords = {computer science education;lean production;software engineering;lean manufacturing;lean software development;software engineering domain;Agile software development;Books;Communities;Organizations;Programming;Software;Software engineering},
	Pages = {13--17},
	Title = {Agile Unified Process},
	Volume = {1},
	Year = {2013},
	Bdsk-Url-1 = {http://dx.doi.org/10.1109/ICSTW.2015.7107412}}

@webpage{dsdm:2015,
	Author = {DSDM},
	Date-Added = {2015-07-31 03:44:38 +0000},
	Date-Modified = {2015-07-31 03:46:04 +0000},
	Month = {Ago.},
	Title = {DSDM CONSORTiUM},
	Url = {http://www.dsdm.org/},
	Urlaccessdate = {01 ago. 2015},
	Year = {2015},
	Bdsk-Url-1 = {http://www.dsdm.org/}}

@book{machado:13,
	Address = {S{\~a}o Paulo},
	Author = {Felipe Nery Rodrigues Machado},
	Date-Added = {2015-07-30 03:33:35 +0000},
	Date-Modified = {2015-07-30 03:36:11 +0000},
	Edition = {1},
	Isbn = {987-85-365-0362-2},
	Publisher = {{\'E}rica},
	Subtitle = {onde nascem os sistemas},
	Title = {An{\'a}lise e gest{\~a}o de requisitos de software},
	Year = {2013}}

@book{macedo:12,
	Address = {S{\~a}o Paulo},
	Author = {Jos{\'e} Sbrocco and Paulo Macedo},
	Date-Added = {2015-07-21 00:43:34 +0000},
	Date-Modified = {2015-07-21 03:55:21 +0000},
	Edition = {1},
	Isbn = {978-85-365-0398-1},
	Publisher = {Editora {\'E}rica},
	Subtitle = {Engenharia de software sob medida},
	Title = {Metodologias {\'A}geis},
	Year = {2012}}

@book{cohn:11,
	Address = {Porto Alegre},
	Author = {Mike Cohn},
	Date-Added = {2015-07-21 00:43:34 +0000},
	Date-Modified = {2015-07-21 03:55:21 +0000},
	Edition = {1},
	Isbn = {978-85-7780-807-6},
	Publisher = {Bookman},
	Subtitle = {aplicando m{\'e}todos {\'a}geis com sucesso},
	Title = {Desenvolvimento de software com Scrum},
	Year = {2011}}

@webpage{agilemanifesto:15,
	Author = {Kent Beck and Mike Beedle},
	Date-Added = {2015-07-16 04:04:52 +0000},
	Date-Modified = {2015-07-16 04:33:35 +0000},
	Lastchecked = {16 jul. 2015},
	Month = {7},
	Title = {Manifesto for Agile Software Development},
	Url = {http://agilemanifesto.org/},
	Urlaccessdate = {16 jul. 2015},
	Year = {2015},
	Bdsk-Url-1 = {http://agilemanifesto.org/}}

@techreport{boem:88,
	Author = {Barry W. Boehm},
	Date-Added = {2015-07-15 19:21:00 +0000},
	Date-Modified = {2015-07-15 19:22:15 +0000},
	Institution = {TRW Defense Systems Group},
	Title = {A Spiral Model of Software Development and Enhancement},
	Year = {1988}}

@techreport{humphrey:00,
	Address = {Pittsburgh, PA 15213-3890},
	Author = {Watts S. Humphrey},
	Date-Added = {2015-07-15 02:41:36 +0000},
	Date-Modified = {2015-07-15 02:44:49 +0000},
	Institution = {Carnegie Mellon},
	Title = {The Personal Software Project},
	Url = {http://www.sei.cmu.edu/reports/00tr022.pdf},
	Year = {2000},
	Bdsk-Url-1 = {http://www.sei.cmu.edu/reports/00tr022.pdf}}

@inproceedings{7058881,
	Author = {Dombrowski, U. and Schmidtchen, K. and Krenkel, P.},
	Booktitle = {Industrial Engineering and Engineering Management (IEEM), 2014 IEEE International Conference on},
	Doi = {10.1109/IEEM.2014.7058881},
	Keywords = {costing;industrial waste;lean production;organisational aspects;product quality;time to market;Toyota;customer value;enterprises;higher quality;lean development principles;lean development systems;lower costs;organization;product development changing conditions;product development process;staff skills;time-to-markets;waste elimination;Continuous improvement;Knowledge management;Product development;Production;Project management;Standardization;Visualization;Lean Development;Lean Production Systems;Product Development},
	Month = {Dec},
	Pages = {1462-1466},
	Title = {Impact of lean development system implementation on the product development process},
	Year = {2014},
	Bdsk-Url-1 = {http://dx.doi.org/10.1109/IEEM.2014.7058881}}

@inproceedings{7107412,
	Author = {Janes, A.},
	Booktitle = {Software Testing, Verification and Validation Workshops (ICSTW), 2015 IEEE Eighth International Conference on},
	Doi = {10.1109/ICSTW.2015.7107412},
	Keywords = {computer science education;lean production;software engineering;lean manufacturing;lean software development;software engineering domain;Agile software development;Books;Communities;Organizations;Programming;Software;Software engineering},
	Month = {April},
	Pages = {1-2},
	Title = {A guide to lean software development in action},
	Year = {2015},
	Bdsk-Url-1 = {http://dx.doi.org/10.1109/ICSTW.2015.7107412}}

@inproceedings{4222727,
	Author = {Poppendieck, M.},
	Booktitle = {Software Engineering - Companion, 2007. ICSE 2007 Companion. 29th International Conference on},
	Doi = {10.1109/ICSECOMPANION.2007.46},
	Keywords = {software quality;Toyota Product Development System;agile software development;complex vehicles;embedded software;high quality software;lean software development;Automatic testing;Costs;Lean production;Manufacturing industries;Product development;Programming;Software engineering;Software quality;Supply chain management;Vehicles},
	Month = {May},
	Pages = {165-166},
	Title = {Lean Software Development},
	Year = {2007},
	Bdsk-Url-1 = {http://dx.doi.org/10.1109/ICSECOMPANION.2007.46}}

@book{pressman:11,
	Address = {Porto Alegre},
	Author = {Roger S. Pressman},
	Date-Added = {2011-08-16 04:08:37 -0300},
	Date-Modified = {2015-07-13 04:55:51 +0000},
	Edition = {7},
	Publisher = {McGraw-Hill},
	Subtitle = {Uma abordagem profissional},
	Title = {Engenharia de Software},
	Year = {2011}}

@book{kaufmann:88,
	Address = {San Mateo Calif.},
	Author = {I Greif},
	Date-Added = {2011-03-16 01:20:05 -0300},
	Date-Modified = {2011-03-16 01:47:50 -0300},
	Publisher = {Morgan Kaufmann},
	Title = {Computer-Supported Cooperative Work: A Book of Readings},
	Year = {1988}}

@article{DBLP:journals/corr/BasiliHLMRRST14,
	Author = {Victor R. Basili and Jens Heidrich and Mikael Lindvall and J{\"{u}}rgen M{\"{u}}nch and Myrna Regardie and H. Dieter Rombach and Carolyn B. Seaman and Adam Trendowicz},
	Bibsource = {dblp computer science bibliography, http://dblp.org},
	Biburl = {http://dblp.uni-trier.de/rec/bib/journals/corr/BasiliHLMRRST14},
	Journal = {CoRR},
	Timestamp = {Wed, 05 Mar 2014 14:43:44 +0100},
	Title = {GQM+Strategies: {A} Comprehensive Methodology for Aligning Business Strategies with Software Measurement},
	Url = {http://arxiv.org/abs/1402.0292},
	Volume = {abs/1402.0292},
	Year = {2014},
	Bdsk-Url-1 = {http://arxiv.org/abs/1402.0292}}

@inproceedings{6005500,
	Author = {Xiaofeng Wang},
	Booktitle = {Agile Conference (AGILE), 2011},
	Doi = {10.1109/AGILE.2011.36},
	Keywords = {software development management;software prototyping;Scrum;agile method;agile software development;experience report analysis;extreme programming;lean software development;time-boxed agile process;Companies;Data analysis;Programming;Software;Systematics;Scrum;XP;agile methods;agile software development;experience report;lean software development;lean thinking},
	Month = {Aug},
	Pages = {1-9},
	Title = {The Combination of Agile and Lean in Software Development: An Experience Report Analysis},
	Year = {2011},
	Bdsk-Url-1 = {http://dx.doi.org/10.1109/AGILE.2011.36}}

@inproceedings{5581553,
	Author = {Jalali, S. and Wohlin, C.},
	Booktitle = {Global Software Engineering (ICGSE), 2010 5th IEEE International Conference on},
	Doi = {10.1109/ICGSE.2010.14},
	Keywords = {software engineering;global software engineering;lean software development;noncollocated agile project;search string;virtual team;Book reviews;Context;Data mining;Guidelines;Programming;Software engineering;Systematics;agile;distributed team;extreme programming;global software development;global software engineering;lean software development;offshore;open source;outsource;pair programming;scrum;systematic map;virtual team},
	Month = {Aug},
	Pages = {45-54},
	Title = {Agile Practices in Global Software Engineering - A Systematic Map},
	Year = {2010},
	Bdsk-Url-1 = {http://dx.doi.org/10.1109/ICGSE.2010.14}}
